@misc{,
  author = {},
  title = {},
  howpublished = "\url{}",
  year = {},
  note = "[]"
}